<record><leader>00000cas a22000007a 4500</leader><controlfield tag="001">1481538</controlfield><controlfield tag="008">750727d18791960mnuwr ne      0    0eng d</controlfield><datafield ind1=" " ind2=" " tag="010"><subfield code="a">sn 90057539 </subfield></datafield><datafield ind1=" " ind2=" " tag="040"><subfield code="a">MUL</subfield><subfield code="b">eng</subfield><subfield code="c">MUL</subfield><subfield code="d">MN#</subfield><subfield code="d">OCLCQ</subfield><subfield code="d">OCLCF</subfield><subfield code="d">OCLCO</subfield></datafield><datafield ind1=" " ind2=" " tag="042"><subfield code="a">msc</subfield></datafield><datafield ind1=" " ind2=" " tag="043"><subfield code="a">n-us-mn</subfield></datafield><datafield ind1=" " ind2=" " tag="052"><subfield code="a">4144</subfield><subfield code="b">A6</subfield></datafield><datafield ind1=" " ind2=" " tag="052"><subfield code="a">4143</subfield><subfield code="b">A5</subfield></datafield><datafield ind1="0" ind2="0" tag="245"><subfield code="a">Anoka herald.</subfield></datafield><datafield ind1=" " ind2=" " tag="260"><subfield code="a">Anoka, Minn. :</subfield><subfield code="b">Alvah Eastman,</subfield><subfield code="c">-1960.</subfield></datafield><datafield ind1=" " ind2=" " tag="300"><subfield code="a">v.</subfield></datafield><datafield ind1=" " ind2=" " tag="310"><subfield code="a">Weekly,</subfield><subfield code="b">Dec. 28, 1894-Aug. 30, 1960</subfield></datafield><datafield ind1=" " ind2=" " tag="321"><subfield code="a">Weekly,</subfield><subfield code="b">&lt;Mar. 3, 1888&gt;-Feb. 24, 1894</subfield></datafield><datafield ind1=" " ind2=" " tag="321"><subfield code="a">Semiweekly,</subfield><subfield code="b">Feb. 28, 1894-Dec. 21, 1894</subfield></datafield><datafield ind1="1" ind2=" " tag="362"><subfield code="a">Began Apr 12, 1879.</subfield></datafield><datafield ind1="0" ind2=" " tag="362"><subfield code="a">-94th year, no. 37 (Aug. 30, 1960).</subfield></datafield><datafield ind1=" " ind2=" " tag="530"><subfield code="a">Available on microfilm from the Minnesota Historical Society.</subfield></datafield><datafield ind1=" " ind2=" " tag="588"><subfield code="a">Description based on: Vol. 22, no. 14 (Mar. 3, 1888).</subfield></datafield><datafield ind1=" " ind2="0" tag="651"><subfield code="a">Anoka (Minn.)</subfield><subfield code="v">Newspapers.</subfield></datafield><datafield ind1=" " ind2="7" tag="655"><subfield code="a">Newspapers.</subfield><subfield code="2">fast</subfield><subfield code="0">(OCoLC)fst01423814</subfield></datafield><datafield ind1=" " ind2="7" tag="651"><subfield code="a">Minnesota</subfield><subfield code="z">Anoka.</subfield><subfield code="2">fast</subfield><subfield code="0">(OCoLC)fst01215333</subfield></datafield><datafield ind1=" " ind2=" " tag="752"><subfield code="a">United States</subfield><subfield code="b">Minnesota</subfield><subfield code="c">Anoka</subfield><subfield code="d">Anoka.</subfield></datafield><datafield ind1="0" ind2="0" tag="780"><subfield code="t">Anoka sun and Republican</subfield></datafield><datafield ind1="0" ind2="5" tag="780"><subfield code="t">Anoka free press</subfield><subfield code="w">(DLC)sn 90057537</subfield></datafield><datafield ind1="0" ind2="5" tag="780"><subfield code="t">Bethel banner</subfield><subfield code="w">(DLC)sn 90057544</subfield></datafield><datafield ind1="0" ind2="7" tag="785"><subfield code="t">Coon Rapids suburban life</subfield><subfield code="w">(DLC)sn 90057558</subfield></datafield><datafield ind1="0" ind2="7" tag="785"><subfield code="t">Coon Rapids herald-life</subfield><subfield code="w">(DLC)sn 90057554</subfield></datafield></record>